@article{bhatia2019end,
  title={End-to-End Resume Parsing and Finding Candidates for a Job Description using BERT},
  author={Bhatia, Vedant and Rawat, Prateek and Kumar, Ajit and Shah, Rajiv Ratn},
  journal={arXiv preprint arXiv:1910.03089},
  year={2019}
}

@article{sanyal2017resume,
  title={Resume parser with natural language processing},
  author={Sanyal, Satyaki and Hazra, Souvik and Adhikary, Soumyashree and Ghosh, Neelanjan},
  journal={International Journal of Engineering Science},
  volume={4484},
  year={2017}
}


@misc{hiringstatistics, 
  title ={{2020 Interview Scheduling Statistics and Trends: A Nationwide Recruiter Survey}}, 
  author ={Yello}, 
  howpublished  = {\url{https://yello.co/blog/interview-scheduling-statistics/}}, 
	year ={Oct 24, 2019.} 
}

@article{khan2016resume,
  title={Resume Ranking using NLP and Machine Learning},
  author={Khan, Tabrez and others},
  year={2016},
  publisher={AIKTC}
}

@inproceedings{rokade2018automated,
  title={Automated grading system using natural language processing},
  author={Rokade, Amit and Patil, Bhushan and Rajani, Sana and Revandkar, Surabhi and Shedge, Rajashree},
  booktitle={2018 Second International Conference on Inventive Communication and Computational Technologies (ICICCT)},
  pages={1123--1127},
  year={2018},
  organization={IEEE}
}

@misc{hiringstatistics, 
  title ={{2020 Interview Scheduling Statistics and Trends: A Nationwide Recruiter Survey}}, 
  author ={Yello}, 
  howpublished  = {\url{https://yello.co/blog/interview-scheduling-statistics/}}, 
	year ={Oct 24, 2019.} 
}